{"dried_cannabis": {"Year-Month": ["2024-06", "2024-05", "2024-04", "2024-03", "2024-02", "2024-01", "2023-12", "2023-11", "2023-10", "2023-09", "2023-08", "2023-07", "2023-06", "2023-05", "2023-04", "2023-03", "2023-02", "2023-01", "2022-12", "2022-11", "2022-10", "2022-09", "2022-08", "2022-07", "2022-06", "2022-05", "2022-04", "2022-03", "2022-02", "2022-01", "2021-12", "2021-11", "2021-10", "2021-09", "2021-08", "2021-07", "2021-06", "2021-05", "2021-04", "2021-03", "2021-02", "2021-01", "2020-12", "2020-11", "2020-10", "2020-09", "2020-08", "2020-07", "2020-06", "2020-05", "2020-04", "2020-03", "2020-02", "2020-01"], "Sales": [10847152, 10801135, 10330089, 10217068, 9782426, 9891087, 10289754, 9930192, 10685884, 10467381, 11056474, 10901161, 10383134, 10045835, 9475220, 9457231, 8380773, 9275494, 9742791, 8890693, 9642431, 9597809, 9865782, 9898767, 9511791, 9254579, 9171513, 8990972, 7975499, 8717718, 9457655, 8536114, 9266900, 9134736, 9173688, 8554331, 7896172, 7519246, 7406134, 7287704, 6205926, 6912986, 6925810, 6025865, 6775519, 6810721, 6752938, 6567647, 5895382, 5368421, 5199858, 5729118, 5229083, 5513535]}, "edibles": {"Year-Month": ["2024-06", "2024-05", "2024-04", "2024-03", "2024-02", "2024-01", "2023-12", "2023-11", "2023-10", "2023-09", "2023-08", "2023-07", "2023-06", "2023-05", "2023-04", "2023-03", "2023-02", "2023-01", "2022-12", "2022-11", "2022-10", "2022-09", "2022-08", "2022-07", "2022-06", "2022-05", "2022-04", "2022-03", "2022-02", "2022-01", "2021-12", "2021-11", "2021-10", "2021-09", "2021-08", "2021-07", "2021-06", "2021-05", "2021-04", "2021-03", "2021-02", "2021-01", "2020-12", "2020-11", "2020-10", "2020-09", "2020-08", "2020-07", "2020-06", "2020-05", "2020-04", "2020-03", "2020-02", "2020-01"], "Sales": [5071800, 4898996, 4843098, 4840010, 4555582, 4467673, 5059537, 4353296, 4482196, 4223106, 4555589, 4476621, 4123438, 3713795, 3761498, 3853304, 3470537, 3747704, 4455645, 3442539, 3720904, 3665372, 3748942, 3889390, 3607536, 3430172, 3600659, 3390819, 3110271, 3231142, 3784246, 2915476, 3108937, 2867343, 2855895, 2660243, 2341444, 2300367, 2299139, 2174948, 1930152, 1954912, 2219885, 1542135, 1694974, 1501640, 1407345, 1310970, 1090424, 982161, 901583, 767957, 511372, 359230]}, "extracts": {"Year-Month": ["2024-06", "2024-05", "2024-04", "2024-03", "2024-02", "2024-01", "2023-12", "2023-11", "2023-10", "2023-09", "2023-08", "2023-07", "2023-06", "2023-05", "2023-04", "2023-03", "2023-02", "2023-01", "2022-12", "2022-11", "2022-10", "2022-09", "2022-08", "2022-07", "2022-06", "2022-05", "2022-04", "2022-03", "2022-02", "2022-01", "2021-12", "2021-11", "2021-10", "2021-09", "2021-08", "2021-07", "2021-06", "2021-05", "2021-04", "2021-03", "2021-02", "2021-01", "2020-12", "2020-11", "2020-10", "2020-09", "2020-08", "2020-07", "2020-06", "2020-05", "2020-04", "2020-03", "2020-02", "2020-01"], "Sales": [4565400, 4516957, 4260175, 4208832, 4052181, 4742733, 5045624, 4685984, 4948716, 4750500, 5055646, 4953491, 4669289, 4506658, 4377358, 4333040, 3778486, 4061989, 4273642, 3563117, 3594056, 3378503, 3284090, 3265371, 3056316, 2876505, 2885436, 2774329, 2442750, 2567891, 2621361, 2230254, 2291770, 2165514, 2133497, 1983410, 1793926, 1723612, 1707568, 1692092, 1480795, 1615524, 1556731, 1247529, 1328769, 1205835, 1113893, 1077533, 934089, 844430, 813972, 791435, 599407, 527978]}, "topicals": {"Year-Month": ["2024-06", "2024-05", "2024-04", "2024-03", "2024-02", "2024-01", "2023-12", "2023-11", "2023-10", "2023-09", "2023-08", "2023-07", "2023-06", "2023-05", "2023-04", "2023-03", "2023-02", "2023-01", "2022-12", "2022-11", "2022-10", "2022-09", "2022-08", "2022-07", "2022-06", "2022-05", "2022-04", "2022-03", "2022-02", "2022-01", "2021-12", "2021-11", "2021-10", "2021-09", "2021-08", "2021-07", "2021-06", "2021-05", "2021-04", "2021-03", "2021-02", "2021-01", "2020-12", "2020-11", "2020-10", "2020-09", "2020-08", "2020-07", "2020-06", "2020-05", "2020-04", "2020-03", "2020-02", "2020-01"], "Sales": [28690, 29766, 28849, 26441, 30035, 30284, 43729, 35787, 35812, 38174, 38831, 36574, 41921, 35584, 37107, 38552, 35297, 36678, 56901, 37301, 36391, 33437, 40509, 41906, 44270, 37383, 36216, 35227, 34036, 33269, 52663, 33446, 33352, 32333, 32215, 28200, 24019, 28574, 26041, 23614, 18854, 18590, 17273, 9287, 10984, 11003, 10940, 10030, 7874, 6068, 1736, 202, 313, 279]}, "seeds": {"Year-Month": ["2024-06", "2024-05", "2024-04", "2024-03", "2024-02", "2024-01", "2023-12", "2023-11", "2023-10", "2023-09", "2023-08", "2023-07", "2023-06", "2023-05", "2023-04", "2023-03", "2023-02", "2023-01", "2022-12", "2022-11", "2022-10", "2022-09", "2022-08", "2022-07", "2022-06", "2022-05", "2022-04", "2022-03", "2022-02", "2022-01", "2021-12", "2021-11", "2021-10", "2021-09", "2021-08", "2021-07", "2021-06", "2021-05", "2021-04", "2021-03", "2021-02", "2021-01", "2020-12", "2020-11", "2020-10", "2020-09", "2020-08", "2020-07", "2020-06", "2020-05", "2020-04", "2020-03", "2020-02", "2020-01"], "Sales": [4669, 8202, 12294, 10484, 6270, 3167, 2195, 2259, 2581, 2567, 2794, 3463, 5527, 10667, 14744, 11610, 5597, 3975, 3079, 2688, 3271, 3120, 3421, 3521, 6274, 12249, 14459, 10352, 5210, 9729, 4261, 2604, 3021, 2910, 2654, 3144, 5418, 9754, 11597, 8548, 3857, 3246, 2589, 1947, 2593, 2200, 2186, 3003, 4275, 4397, 1798, 1469, 623, 533]}}